
@inbook{knuth-fa,
  author    = {Donald E. Knuth},
  title     = {Fundamental Algorithms},
  publisher = {Addison-Wesley},
  year      = {1973},
  chapter   = {1.2},
  keywords  = {knuth,programming}
}